@manual{lab-manual,
	author = { Poman P. M. So },
	title = { {Laboratory Manual for ELEC340 - Applied Electromagnetics and Photonics} },
	date = {2016},
	OPTorganization = { {Department of Electrical and Computer Engineering} },
	publisher = { {University of Victoria} }
}

@online{knuthwebsite,
	author    = "Donald Knuth",
	title     = "Knuth: Computers and Typesetting",
	year      = "2015",
	url       = "http://www-cs-faculty.stanford.edu/~uno/abcde.html",
	keywords  = "latex,knuth"
}
